<?xml version="1.0" encoding="UTF-8"?><collection xmlns="http://www.loc.gov/MARC21/slim"><record><leader>00500nam--2200193-i-4500</leader><controlfield tag="001">000050054</controlfield><controlfield tag="002">20161230</controlfield><controlfield tag="005">20161230201048</controlfield><controlfield tag="008">060222s1000------------r-----000-0-rus-d</controlfield><datafield ind1=" " ind2=" " tag="040"><subfield code="a">IFIN-HH</subfield></datafield><datafield ind1=" " ind2=" " tag="041"><subfield code="a">rus</subfield></datafield><datafield ind1=" " ind2=" " tag="080"><subfield code="a">537.58</subfield></datafield><datafield ind1="1" ind2=" " tag="100"><subfield code="a">Stahanov, I.P</subfield></datafield><datafield ind1="1" ind2="0" tag="245"><subfield code="a">Fizika termoemissionnogo preobrazovatelia</subfield><subfield code="c">I.p. stahanov, v.e. cherkovet</subfield></datafield><datafield ind1=" " ind2=" " tag="260"><subfield code="a">Moskva</subfield><subfield code="b">Enegoatomizdat</subfield><subfield code="c">1985</subfield></datafield><datafield ind1=" " ind2=" " tag="300"><subfield code="a">207P</subfield></datafield><datafield ind1="1" ind2=" " tag="700"><subfield code="a">Cherkovet, V.E</subfield></datafield><datafield ind1=" " ind2=" " tag="852"><subfield code="a">73078</subfield><subfield code="c">537.52</subfield></datafield><datafield ind1=" " ind2=" " tag="CAT"><subfield code="a">Sys</subfield><subfield code="c">20110804</subfield><subfield code="h">141416</subfield></datafield></record></collection>